1111177777000007777755555777771111133333666661111155555444445555577777555554444466666000007777711111888888888866666666668888888888888884444411111111115555500000000003333355555333331111177777444447777766666000000000022222555554444455555222222222233333
1111177777000007777755555777771111133333666661111155555444445555577777555554444466666000007777711111888888888866666666668888888888888884444411111111115555500000000003333355555333331111177777444447777766666000000000022222555554444455555222222222233333
1111177777000007777755555777771111133333666661111155555444445555577777555554444466666000007777711111888888888866666666668888888888888884444411111111115555500000000003333355555333331111177777444447777766666000000000022222555554444455555222222222233333
1111177777000007777755555777771111133333666661111155555444445555577777555554444466666000007777711111888888888866666666668888888888888884444411111111115555500000000003333355555333331111177777444447777766666000000000022222555554444455555222222222233333
1111177777000007777755555777771111133333666661111155555444445555577777555554444466666000007777711111888888888866666666668888888888888884444411111111115555500000000003333355555333331111177777444447777766666000000000022222555554444455555222222222233333
2222211111111118888888888000005555555555444444444466666000005555566666222228888877777333334444422222000000000000000000002222266666222225555566666555557777766666666668888855555333336666622222888881111166666666668888800000111111111177777000003333322222
2222211111111118888888888000005555555555444444444466666000005555566666222228888877777333334444422222000000000000000000002222266666222225555566666555557777766666666668888855555333336666622222888881111166666666668888800000111111111177777000003333322222
2222211111111118888888888000005555555555444444444466666000005555566666222228888877777333334444422222000000000000000000002222266666222225555566666555557777766666666668888855555333336666622222888881111166666666668888800000111111111177777000003333322222
2222211111111118888888888000005555555555444444444466666000005555566666222228888877777333334444422222000000000000000000002222266666222225555566666555557777766666666668888855555333336666622222888881111166666666668888800000111111111177777000003333322222
2222211111111118888888888000005555555555444444444466666000005555566666222228888877777333334444422222000000000000000000002222266666222225555566666555557777766666666668888855555333336666622222888881111166666666668888800000111111111177777000003333322222
0000011111222221111188888333335555522222666660000077777222227777722222888881111166666555551111155555444446666600000444446666622222333332222200000444443333377777555553333366666555554444422222555552222211111333332222288888333332222200000000007777722222
0000011111222221111188888333335555522222666660000077777222227777722222888881111166666555551111155555444446666600000444446666622222333332222200000444443333377777555553333366666555554444422222555552222211111333332222288888333332222200000000007777722222
0000011111222221111188888333335555522222666660000077777222227777722222888881111166666555551111155555444446666600000444446666622222333332222200000444443333377777555553333366666555554444422222555552222211111333332222288888333332222200000000007777722222
0000011111222221111188888333335555522222666660000077777222227777722222888881111166666555551111155555444446666600000444446666622222333332222200000444443333377777555553333366666555554444422222555552222211111333332222288888333332222200000000007777722222
0000011111222221111188888333335555522222666660000077777222227777722222888881111166666555551111155555444446666600000444446666622222333332222200000444443333377777555553333366666555554444422222555552222211111333332222288888333332222200000000007777722222
4444433333666662222255555111112222266666444442222222222777778888855555111115555511111444448888844444666667777755555888886666600000888884444400000777774444422222888881111155555222223333377777888887777788888111113333377777555552222233333666666666600000
4444433333666662222255555111112222266666444442222222222777778888855555111115555511111444448888844444666667777755555888886666600000888884444400000777774444422222888881111155555222223333377777888887777788888111113333377777555552222233333666666666600000
4444433333666662222255555111112222266666444442222222222777778888855555111115555511111444448888844444666667777755555888886666600000888884444400000777774444422222888881111155555222223333377777888887777788888111113333377777555552222233333666666666600000
4444433333666662222255555111112222266666444442222222222777778888855555111115555511111444448888844444666667777755555888886666600000888884444400000777774444422222888881111155555222223333377777888887777788888111113333377777555552222233333666666666600000
4444433333666662222255555111112222266666444442222222222777778888855555111115555511111444448888844444666667777755555888886666600000888884444400000777774444422222888881111155555222223333377777888887777788888111113333377777555552222233333666666666600000
2222211111777777777788888222225555577777777774444433333000006666600000222220000022222333336666622222888885555511111222221111166666222222222222222777773333322222666668888877777333330000044444222225555588888333335555533333444445555544444444448888811111
2222211111777777777788888222225555577777777774444433333000006666600000222220000022222333336666622222888885555511111222221111166666222222222222222777773333322222666668888877777333330000044444222225555588888333335555533333444445555544444444448888811111
2222211111777777777788888222225555577777777774444433333000006666600000222220000022222333336666622222888885555511111222221111166666222222222222222777773333322222666668888877777333330000044444222225555588888333335555533333444445555544444444448888811111
2222211111777777777788888222225555577777777774444433333000006666600000222220000022222333336666622222888885555511111222221111166666222222222222222777773333322222666668888877777333330000044444222225555588888333335555533333444445555544444444448888811111
2222211111777777777788888222225555577777777774444433333000006666600000222220000022222333336666622222888885555511111222221111166666222222222222222777773333322222666668888877777333330000044444222225555588888333335555533333444445555544444444448888811111
6666677777444446666677777555553333388888777773333366666888885555511111666662222255555666666666655555000003333388888555556666611111222228888866666888880000011111777772222277777333337777722222222224444433333666661111100000888887777722222222222222266666
6666677777444446666677777555553333388888777773333366666888885555511111666662222255555666666666655555000003333388888555556666611111222228888866666888880000011111777772222277777333337777722222222224444433333666661111100000888887777722222222222222266666
6666677777444446666677777555553333388888777773333366666888885555511111666662222255555666666666655555000003333388888555556666611111222228888866666888880000011111777772222277777333337777722222222224444433333666661111100000888887777722222222222222266666
6666677777444446666677777555553333388888777773333366666888885555511111666662222255555666666666655555000003333388888555556666611111222228888866666888880000011111777772222277777333337777722222222224444433333666661111100000888887777722222222222222266666
6666677777444446666677777555553333388888777773333366666888885555511111666662222255555666666666655555000003333388888555556666611111222228888866666888880000011111777772222277777333337777722222222224444433333666661111100000888887777722222222222222266666
7777722222000006666666666444446666666666444443333355555222224444411111333333333355555888883333355555333336666611111333334444477777888884444400000222221111177777222228888822222666662222288888333334444400000777774444455555888887777766666222227777700000
7777722222000006666666666444446666666666444443333355555222224444411111333333333355555888883333355555333336666611111333334444477777888884444400000222221111177777222228888822222666662222288888333334444400000777774444455555888887777766666222227777700000
7777722222000006666666666444446666666666444443333355555222224444411111333333333355555888883333355555333336666611111333334444477777888884444400000222221111177777222228888822222666662222288888333334444400000777774444455555888887777766666222227777700000
7777722222000006666666666444446666666666444443333355555222224444411111333333333355555888883333355555333336666611111333334444477777888884444400000222221111177777222228888822222666662222288888333334444400000777774444455555888887777766666222227777700000
7777722222000006666666666444446666666666444443333355555222224444411111333333333355555888883333355555333336666611111333334444477777888884444400000222221111177777222228888822222666662222288888333334444400000777774444455555888887777766666222227777700000
8888888888444440000022222777777777722222222225555522222222223333322222888883333300000111113333311111555551111188888888886666688888666661111111111444448888877777444444444455555444442222211111444442222266666666664444477777777772222222222777773333333333
8888888888444440000022222777777777722222222225555522222222223333322222888883333300000111113333311111555551111188888888886666688888666661111111111444448888877777444444444455555444442222211111444442222266666666664444477777777772222222222777773333333333
8888888888444440000022222777777777722222222225555522222222223333322222888883333300000111113333311111555551111188888888886666688888666661111111111444448888877777444444444455555444442222211111444442222266666666664444477777777772222222222777773333333333
8888888888444440000022222777777777722222222225555522222222223333322222888883333300000111113333311111555551111188888888886666688888666661111111111444448888877777444444444455555444442222211111444442222266666666664444477777777772222222222777773333333333
8888888888444440000022222777777777722222222225555522222222223333322222888883333300000111113333311111555551111188888888886666688888666661111111111444448888877777444444444455555444442222211111444442222266666666664444477777777772222222222777773333333333
6666677777444446666666666000003333333333111112222266666111111111188888333336666611111333338888866666555553333333333888882222211111111114444466666222225555544444000000000088888444447777722222666660000044444333338888833333000002222288888111115555555555
6666677777444446666666666000003333333333111112222266666111111111188888333336666611111333338888866666555553333333333888882222211111111114444466666222225555544444000000000088888444447777722222666660000044444333338888833333000002222288888111115555555555
6666677777444446666666666000003333333333111112222266666111111111188888333336666611111333338888866666555553333333333888882222211111111114444466666222225555544444000000000088888444447777722222666660000044444333338888833333000002222288888111115555555555
6666677777444446666666666000003333333333111112222266666111111111188888333336666611111333338888866666555553333333333888882222211111111114444466666222225555544444000000000088888444447777722222666660000044444333338888833333000002222288888111115555555555
6666677777444446666666666000003333333333111112222266666111111111188888333336666611111333338888866666555553333333333888882222211111111114444466666222225555544444000000000088888444447777722222666660000044444333338888833333000002222288888111115555555555
7777788888888880000077777111118888888888333336666622222888888888800000777775555555555555557777722222333330000033333222224444433333222221111122222777776666611111777775555588888333335555577777333338888822222333336666611111333332222266666666665555522222
7777788888888880000077777111118888888888333336666622222888888888800000777775555555555555557777722222333330000033333222224444433333222221111122222777776666611111777775555588888333335555577777333338888822222333336666611111333332222266666666665555522222
7777788888888880000077777111118888888888333336666622222888888888800000777775555555555555557777722222333330000033333222224444433333222221111122222777776666611111777775555588888333335555577777333338888822222333336666611111333332222266666666665555522222
7777788888888880000077777111118888888888333336666622222888888888800000777775555555555555557777722222333330000033333222224444433333222221111122222777776666611111777775555588888333335555577777333338888822222333336666611111333332222266666666665555522222
7777788888888880000077777111118888888888333336666622222888888888800000777775555555555555557777722222333330000033333222224444433333222221111122222777776666611111777775555588888333335555577777333338888822222333336666611111333332222266666666665555522222
8888800000333330000000000555553333333333666666666688888333335555566666666664444411111222222222222222000005555555555444444444466666666660000044444222220000011111000001111122222111116666633333222221111177777111112222211111666667777755555555550000066666
8888800000333330000000000555553333333333666666666688888333335555566666666664444411111222222222222222000005555555555444444444466666666660000044444222220000011111000001111122222111116666633333222221111177777111112222211111666667777755555555550000066666
8888800000333330000000000555553333333333666666666688888333335555566666666664444411111222222222222222000005555555555444444444466666666660000044444222220000011111000001111122222111116666633333222221111177777111112222211111666667777755555555550000066666
8888800000333330000000000555553333333333666666666688888333335555566666666664444411111222222222222222000005555555555444444444466666666660000044444222220000011111000001111122222111116666633333222221111177777111112222211111666667777755555555550000066666
8888800000333330000000000555553333333333666666666688888333335555566666666664444411111222222222222222000005555555555444444444466666666660000044444222220000011111000001111122222111116666633333222221111177777111112222211111666667777755555555550000066666
5555577777000008888822222222225555566666000007777777777111117777777777222220000066666777771111188888666667777788888000008888833333777775555588888555550000044444444440000033333444440000066666000001111155555777772222233333333332222211111111110000000000
5555577777000008888822222222225555566666000007777777777111117777777777222220000066666777771111188888666667777788888000008888833333777775555588888555550000044444444440000033333444440000066666000001111155555777772222233333333332222211111111110000000000
5555577777000008888822222222225555566666000007777777777111117777777777222220000066666777771111188888666667777788888000008888833333777775555588888555550000044444444440000033333444440000066666000001111155555777772222233333333332222211111111110000000000
5555577777000008888822222222225555566666000007777777777111117777777777222220000066666777771111188888666667777788888000008888833333777775555588888555550000044444444440000033333444440000066666000001111155555777772222233333333332222211111111110000000000
5555577777000008888822222222225555566666000007777777777111117777777777222220000066666777771111188888666667777788888000008888833333777775555588888555550000044444444440000033333444440000066666000001111155555777772222233333333332222211111111110000000000
7777777777777774444455555777777777711111111114444466666111116666688888888887777722222666665555522222777778888877777777770000011111888888888800000888888888888888444447777711111777773333300000888884444422222444443333300000333330000077777333336666611111
7777777777777774444455555777777777711111111114444466666111116666688888888887777722222666665555522222777778888877777777770000011111888888888800000888888888888888444447777711111777773333300000888884444422222444443333300000333330000077777333336666611111
7777777777777774444455555777777777711111111114444466666111116666688888888887777722222666665555522222777778888877777777770000011111888888888800000888888888888888444447777711111777773333300000888884444422222444443333300000333330000077777333336666611111
7777777777777774444455555777777777711111111114444466666111116666688888888887777722222666665555522222777778888877777777770000011111888888888800000888888888888888444447777711111777773333300000888884444422222444443333300000333330000077777333336666611111
7777777777777774444455555777777777711111111114444466666111116666688888888887777722222666665555522222777778888877777777770000011111888888888800000888888888888888444447777711111777773333300000888884444422222444443333300000333330000077777333336666611111
5555533333000003333388888777773333377777666663333355555444442222277777000002222266666333332222233333555552222277777666662222200000444441111133333888880000077777222221111188888222226666622222777774444466666333338888866666222226666688888888880000088888
5555533333000003333388888777773333377777666663333355555444442222277777000002222266666333332222233333555552222277777666662222200000444441111133333888880000077777222221111188888222226666622222777774444466666333338888866666222226666688888888880000088888
5555533333000003333388888777773333377777666663333355555444442222277777000002222266666333332222233333555552222277777666662222200000444441111133333888880000077777222221111188888222226666622222777774444466666333338888866666222226666688888888880000088888
5555533333000003333388888777773333377777666663333355555444442222277777000002222266666333332222233333555552222277777666662222200000444441111133333888880000077777222221111188888222226666622222777774444466666333338888866666222226666688888888880000088888
5555533333000003333388888777773333377777666663333355555444442222277777000002222266666333332222233333555552222277777666662222200000444441111133333888880000077777222221111188888222226666622222777774444466666333338888866666222226666688888888880000088888
2222233333222228888800000222228888822222111110000011111222227777722222333337777722222000007777700000222222222244444888880000066666555556666633333333334444433333666664444422222444446666688888666668888800000888881111155555111112222211111333330000000000
2222233333222228888800000222228888822222111110000011111222227777722222333337777722222000007777700000222222222244444888880000066666555556666633333333334444433333666664444422222444446666688888666668888800000888881111155555111112222211111333330000000000
2222233333222228888800000222228888822222111110000011111222227777722222333337777722222000007777700000222222222244444888880000066666555556666633333333334444433333666664444422222444446666688888666668888800000888881111155555111112222211111333330000000000
2222233333222228888800000222228888822222111110000011111222227777722222333337777722222000007777700000222222222244444888880000066666555556666633333333334444433333666664444422222444446666688888666668888800000888881111155555111112222211111333330000000000
2222233333222228888800000222228888822222111110000011111222227777722222333337777722222000007777700000222222222244444888880000066666555556666633333333334444433333666664444422222444446666688888666668888800000888881111155555111112222211111333330000000000
1111133333222225555500000000000000066666555551111177777000005555555555444445555500000111113333355555777771111122222888886666633333111118888844444000006666655555333336666600000111117777700000555553333322222444441111155555000003333388888777774444422222
1111133333222225555500000000000000066666555551111177777000005555555555444445555500000111113333355555777771111122222888886666633333111118888844444000006666655555333336666600000111117777700000555553333322222444441111155555000003333388888777774444422222
1111133333222225555500000000000000066666555551111177777000005555555555444445555500000111113333355555777771111122222888886666633333111118888844444000006666655555333336666600000111117777700000555553333322222444441111155555000003333388888777774444422222
1111133333222225555500000000000000066666555551111177777000005555555555444445555500000111113333355555777771111122222888886666633333111118888844444000006666655555333336666600000111117777700000555553333322222444441111155555000003333388888777774444422222
1111133333222225555500000000000000066666555551111177777000005555555555444445555500000111113333355555777771111122222888886666633333111118888844444000006666655555333336666600000111117777700000555553333322222444441111155555000003333388888777774444422222
1111133333333333333300000888886666600000777778888800000444445555511111111115555522222666663333388888777773333333333666666666611111000006666666666555556666688888666668888822222666667777777777444443333366666444445555500000555554444433333888880000077777
1111133333333333333300000888886666600000777778888800000444445555511111111115555522222666663333388888777773333333333666666666611111000006666666666555556666688888666668888822222666667777777777444443333366666444445555500000555554444433333888880000077777
1111133333333333333300000888886666600000777778888800000444445555511111111115555522222666663333388888777773333333333666666666611111000006666666666555556666688888666668888822222666667777777777444443333366666444445555500000555554444433333888880000077777
1111133333333333333300000888886666600000777778888800000444445555511111111115555522222666663333388888777773333333333666666666611111000006666666666555556666688888666668888822222666667777777777444443333366666444445555500000555554444433333888880000077777
1111133333333333333300000888886666600000777778888800000444445555511111111115555522222666663333388888777773333333333666666666611111000006666666666555556666688888666668888822222666667777777777444443333366666444445555500000555554444433333888880000077777
5555577777111118888855555888887777733333333334444488888777773333333333666666666688888222224444433333555558888888888888880000022222444443333311111444441111166666000001111133333333337777711111777778888866666444446666677777666664444444444555554444466666
5555577777111118888855555888887777733333333334444488888777773333333333666666666688888222224444433333555558888888888888880000022222444443333311111444441111166666000001111133333333337777711111777778888866666444446666677777666664444444444555554444466666
5555577777111118888855555888887777733333333334444488888777773333333333666666666688888222224444433333555558888888888888880000022222444443333311111444441111166666000001111133333333337777711111777778888866666444446666677777666664444444444555554444466666
5555577777111118888855555888887777733333333334444488888777773333333333666666666688888222224444433333555558888888888888880000022222444443333311111444441111166666000001111133333333337777711111777778888866666444446666677777666664444444444555554444466666
5555577777111118888855555888887777733333333334444488888777773333333333666666666688888222224444433333555558888888888888880000022222444443333311111444441111166666000001111133333333337777711111777778888866666444446666677777666664444444444555554444466666
6666688888666663333377777444446666600000777777777722222777773333333333666664444444444444446666600000333331111155555000008888800000222222222255555777776666600000666661111144444222225555511111333332222266666555550000077777666666666633333000008888877777
6666688888666663333377777444446666600000777777777722222777773333333333666664444444444444446666600000333331111155555000008888800000222222222255555777776666600000666661111144444222225555511111333332222266666555550000077777666666666633333000008888877777
6666688888666663333377777444446666600000777777777722222777773333333333666664444444444444446666600000333331111155555000008888800000222222222255555777776666600000666661111144444222225555511111333332222266666555550000077777666666666633333000008888877777
6666688888666663333377777444446666600000777777777722222777773333333333666664444444444444446666600000333331111155555000008888800000222222222255555777776666600000666661111144444222225555511111333332222266666555550000077777666666666633333000008888877777
6666688888666663333377777444446666600000777777777722222777773333333333666664444444444444446666600000333331111155555000008888800000222222222255555777776666600000666661111144444222225555511111333332222266666555550000077777666666666633333000008888877777
0000000000888883333300000555553333311111555556666666666333337777711111444442222233333888883333344444111117777788888111116666655555555550000033333222227777744444222224444455555222227777700000111114444466666777775555522222888887777744444111116666655555
0000000000888883333300000555553333311111555556666666666333337777711111444442222233333888883333344444111117777788888111116666655555555550000033333222227777744444222224444455555222227777700000111114444466666777775555522222888887777744444111116666655555
0000000000888883333300000555553333311111555556666666666333337777711111444442222233333888883333344444111117777788888111116666655555555550000033333222227777744444222224444455555222227777700000111114444466666777775555522222888887777744444111116666655555
0000000000888883333300000555553333311111555556666666666333337777711111444442222233333888883333344444111117777788888111116666655555555550000033333222227777744444222224444455555222227777700000111114444466666777775555522222888887777744444111116666655555
0000000000888883333300000555553333311111555556666666666333337777711111444442222233333888883333344444111117777788888111116666655555555550000033333222227777744444222224444455555222227777700000111114444466666777775555522222888887777744444111116666655555
5555577777444444444466666888888888800000888882222222222444444444444444666661111155555222228888866666666665555533333000006666600000888881111111111555555555555555222227777700000888886666688888777775555500000000007777744444555554444455555888884444422222
5555577777444444444466666888888888800000888882222222222444444444444444666661111155555222228888866666666665555533333000006666600000888881111111111555555555555555222227777700000888886666688888777775555500000000007777744444555554444455555888884444422222
5555577777444444444466666888888888800000888882222222222444444444444444666661111155555222228888866666666665555533333000006666600000888881111111111555555555555555222227777700000888886666688888777775555500000000007777744444555554444455555888884444422222
5555577777444444444466666888888888800000888882222222222444444444444444666661111155555222228888866666666665555533333000006666600000888881111111111555555555555555222227777700000888886666688888777775555500000000007777744444555554444455555888884444422222
5555577777444444444466666888888888800000888882222222222444444444444444666661111155555222228888866666666665555533333000006666600000888881111111111555555555555555222227777700000888886666688888777775555500000000007777744444555554444455555888884444422222
5555522222666666666600000333337777788888222226666633333777772222255555555551111122222222227777700000555557777788888333333333322222555556666611111111110000044444111116666622222888887777777777888880000044444000008888855555555552222266666555555555544444
5555522222666666666600000333337777788888222226666633333777772222255555555551111122222222227777700000555557777788888333333333322222555556666611111111110000044444111116666622222888887777777777888880000044444000008888855555555552222266666555555555544444
5555522222666666666600000333337777788888222226666633333777772222255555555551111122222222227777700000555557777788888333333333322222555556666611111111110000044444111116666622222888887777777777888880000044444000008888855555555552222266666555555555544444
5555522222666666666600000333337777788888222226666633333777772222255555555551111122222222227777700000555557777788888333333333322222555556666611111111110000044444111116666622222888887777777777888880000044444000008888855555555552222266666555555555544444
5555522222666666666600000333337777788888222226666633333777772222255555555551111122222222227777700000555557777788888333333333322222555556666611111111110000044444111116666622222888887777777777888880000044444000008888855555555552222266666555555555544444
4444488888111113333311111444443333344444888884444433333666668888822222111111111122222888886666611111777772222211111666665555544444666662222277777000004444422222000005555533333111117777766666333335555588888777772222288888000002222277777222228888855555
4444488888111113333311111444443333344444888884444433333666668888822222111111111122222888886666611111777772222211111666665555544444666662222277777000004444422222000005555533333111117777766666333335555588888777772222288888000002222277777222228888855555
4444488888111113333311111444443333344444888884444433333666668888822222111111111122222888886666611111777772222211111666665555544444666662222277777000004444422222000005555533333111117777766666333335555588888777772222288888000002222277777222228888855555
4444488888111113333311111444443333344444888884444433333666668888822222111111111122222888886666611111777772222211111666665555544444666662222277777000004444422222000005555533333111117777766666333335555588888777772222288888000002222277777222228888855555
4444488888111113333311111444443333344444888884444433333666668888822222111111111122222888886666611111777772222211111666665555544444666662222277777000004444422222000005555533333111117777766666333335555588888777772222288888000002222277777222228888855555
1111166666555552222211111111114444488888111113333388888333333333366666000005555555555555550000000000111110000077777222226666655555444444444488888111117777700000888883333311111777772222255555444441111188888444445555511111888883333366666555558888866666
1111166666555552222211111111114444488888111113333388888333333333366666000005555555555555550000000000111110000077777222226666655555444444444488888111117777700000888883333311111777772222255555444441111188888444445555511111888883333366666555558888866666
1111166666555552222211111111114444488888111113333388888333333333366666000005555555555555550000000000111110000077777222226666655555444444444488888111117777700000888883333311111777772222255555444441111188888444445555511111888883333366666555558888866666
1111166666555552222211111111114444488888111113333388888333333333366666000005555555555555550000000000111110000077777222226666655555444444444488888111117777700000888883333311111777772222255555444441111188888444445555511111888883333366666555558888866666
1111166666555552222211111111114444488888111113333388888333333333366666000005555555555555550000000000111110000077777222226666655555444444444488888111117777700000888883333311111777772222255555444441111188888444445555511111888883333366666555558888866666
5555511111666661111133333333336666655555666663333366666444444444433333666663333322222666668888844444888886666688888222227777766666555552222222222222228888855555333334444444444444445555511111000000000033333555553333355555888880000088888888886666677777
5555511111666661111133333333336666655555666663333366666444444444433333666663333322222666668888844444888886666688888222227777766666555552222222222222228888855555333334444444444444445555511111000000000033333555553333355555888880000088888888886666677777
5555511111666661111133333333336666655555666663333366666444444444433333666663333322222666668888844444888886666688888222227777766666555552222222222222228888855555333334444444444444445555511111000000000033333555553333355555888880000088888888886666677777
5555511111666661111133333333336666655555666663333366666444444444433333666663333322222666668888844444888886666688888222227777766666555552222222222222228888855555333334444444444444445555511111000000000033333555553333355555888880000088888888886666677777
5555511111666661111133333333336666655555666663333366666444444444433333666663333322222666668888844444888886666688888222227777766666555552222222222222228888855555333334444444444444445555511111000000000033333555553333355555888880000088888888886666677777
4444433333222221111133333777777777788888000007777722222777773333333333222227777788888555557777766666444448888822222777774444400000777773333388888222228888811111444442222211111777770000088888555551111155555555556666666666888886666633333555552222211111
4444433333222221111133333777777777788888000007777722222777773333333333222227777788888555557777766666444448888822222777774444400000777773333388888222228888811111444442222211111777770000088888555551111155555555556666666666888886666633333555552222211111
4444433333222221111133333777777777788888000007777722222777773333333333222227777788888555557777766666444448888822222777774444400000777773333388888222228888811111444442222211111777770000088888555551111155555555556666666666888886666633333555552222211111
4444433333222221111133333777777777788888000007777722222777773333333333222227777788888555557777766666444448888822222777774444400000777773333388888222228888811111444442222211111777770000088888555551111155555555556666666666888886666633333555552222211111
4444433333222221111133333777777777788888000007777722222777773333333333222227777788888555557777766666444448888822222777774444400000777773333388888222228888811111444442222211111777770000088888555551111155555555556666666666888886666633333555552222211111
3333366666777775555544444222225555500000555553333311111222224444455555444445555533333333333333366666222228888822222888883333322222555556666655555555555555588888111113333355555555555555588888444448888822222555552222255555111114444488888222227777700000
3333366666777775555544444222225555500000555553333311111222224444455555444445555533333333333333366666222228888822222888883333322222555556666655555555555555588888111113333355555555555555588888444448888822222555552222255555111114444488888222227777700000
3333366666777775555544444222225555500000555553333311111222224444455555444445555533333333333333366666222228888822222888883333322222555556666655555555555555588888111113333355555555555555588888444448888822222555552222255555111114444488888222227777700000
3333366666777775555544444222225555500000555553333311111222224444455555444445555533333333333333366666222228888822222888883333322222555556666655555555555555588888111113333355555555555555588888444448888822222555552222255555111114444488888222227777700000
3333366666777775555544444222225555500000555553333311111222224444455555444445555533333333333333366666222228888822222888883333322222555556666655555555555555588888111113333355555555555555588888444448888822222555552222255555111114444488888222227777700000
0000077777666660000066666111112222200000777776666666666444445555577777777778888811111222228888833333111118888888888111112222277777666662222211111222222222288888111110000088888555551111100000444448888866666111111111122222666660000000000555552222288888
0000077777666660000066666111112222200000777776666666666444445555577777777778888811111222228888833333111118888888888111112222277777666662222211111222222222288888111110000088888555551111100000444448888866666111111111122222666660000000000555552222288888
0000077777666660000066666111112222200000777776666666666444445555577777777778888811111222228888833333111118888888888111112222277777666662222211111222222222288888111110000088888555551111100000444448888866666111111111122222666660000000000555552222288888
0000077777666660000066666111112222200000777776666666666444445555577777777778888811111222228888833333111118888888888111112222277777666662222211111222222222288888111110000088888555551111100000444448888866666111111111122222666660000000000555552222288888
0000077777666660000066666111112222200000777776666666666444445555577777777778888811111222228888833333111118888888888111112222277777666662222211111222222222288888111110000088888555551111100000444448888866666111111111122222666660000000000555552222288888
0000011111555558888811111888887777777777111116666677777111115555566666111112222211111000002222255555777778888844444888880000011111888880000066666888886666666666888882222266666000008888822222555557777788888333330000022222888888888844444000007777755555
0000011111555558888811111888887777777777111116666677777111115555566666111112222211111000002222255555777778888844444888880000011111888880000066666888886666666666888882222266666000008888822222555557777788888333330000022222888888888844444000007777755555
0000011111555558888811111888887777777777111116666677777111115555566666111112222211111000002222255555777778888844444888880000011111888880000066666888886666666666888882222266666000008888822222555557777788888333330000022222888888888844444000007777755555
0000011111555558888811111888887777777777111116666677777111115555566666111112222211111000002222255555777778888844444888880000011111888880000066666888886666666666888882222266666000008888822222555557777788888333330000022222888888888844444000007777755555
0000011111555558888811111888887777777777111116666677777111115555566666111112222211111000002222255555777778888844444888880000011111888880000066666888886666666666888882222266666000008888822222555557777788888333330000022222888888888844444000007777755555
3333355555444447777744444222228888822222000003333388888444448888877777555553333377777444445555533333333332222255555111114444422222000006666600000777772222233333111115555511111666665555577777666666666688888555551111177777444446666611111000000000044444
3333355555444447777744444222228888822222000003333388888444448888877777555553333377777444445555533333333332222255555111114444422222000006666600000777772222233333111115555511111666665555577777666666666688888555551111177777444446666611111000000000044444
3333355555444447777744444222228888822222000003333388888444448888877777555553333377777444445555533333333332222255555111114444422222000006666600000777772222233333111115555511111666665555577777666666666688888555551111177777444446666611111000000000044444
3333355555444447777744444222228888822222000003333388888444448888877777555553333377777444445555533333333332222255555111114444422222000006666600000777772222233333111115555511111666665555577777666666666688888555551111177777444446666611111000000000044444
3333355555444447777744444222228888822222000003333388888444448888877777555553333377777444445555533333333332222255555111114444422222000006666600000777772222233333111115555511111666665555577777666666666688888555551111177777444446666611111000000000044444
4444433333666667777744444888880000022222666660000088888888883333300000222222222244444888887777711111555554444455555444443333300000000002222200000000007777722222111114444400000333332222200000555558888877777222225555588888111116666611111555555555566666
4444433333666667777744444888880000022222666660000088888888883333300000222222222244444888887777711111555554444455555444443333300000000002222200000000007777722222111114444400000333332222200000555558888877777222225555588888111116666611111555555555566666
4444433333666667777744444888880000022222666660000088888888883333300000222222222244444888887777711111555554444455555444443333300000000002222200000000007777722222111114444400000333332222200000555558888877777222225555588888111116666611111555555555566666
4444433333666667777744444888880000022222666660000088888888883333300000222222222244444888887777711111555554444455555444443333300000000002222200000000007777722222111114444400000333332222200000555558888877777222225555588888111116666611111555555555566666
4444433333666667777744444888880000022222666660000088888888883333300000222222222244444888887777711111555554444455555444443333300000000002222200000000007777722222111114444400000333332222200000555558888877777222225555588888111116666611111555555555566666
5555588888222221111133333333331111111111333338888811111111110000000000444440000033333666668888877777333334444400000666664444411111333335555555555888881111111111555551111100000777772222288888888885555577777888887777777777888880000066666333334444433333
5555588888222221111133333333331111111111333338888811111111110000000000444440000033333666668888877777333334444400000666664444411111333335555555555888881111111111555551111100000777772222288888888885555577777888887777777777888880000066666333334444433333
5555588888222221111133333333331111111111333338888811111111110000000000444440000033333666668888877777333334444400000666664444411111333335555555555888881111111111555551111100000777772222288888888885555577777888887777777777888880000066666333334444433333
5555588888222221111133333333331111111111333338888811111111110000000000444440000033333666668888877777333334444400000666664444411111333335555555555888881111111111555551111100000777772222288888888885555577777888887777777777888880000066666333334444433333
5555588888222221111133333333331111111111333338888811111111110000000000444440000033333666668888877777333334444400000666664444411111333335555555555888881111111111555551111100000777772222288888888885555577777888887777777777888880000066666333334444433333
1111177777777778888822222222221111166666666664444433333555553333300000666663333377777888882222244444222227777733333777776666633333777771111166666222222222277777777770000066666888881111155555333335555577777666661111111111444447777744444000004444466666
1111177777777778888822222222221111166666666664444433333555553333300000666663333377777888882222244444222227777733333777776666633333777771111166666222222222277777777770000066666888881111155555333335555577777666661111111111444447777744444000004444466666
1111177777777778888822222222221111166666666664444433333555553333300000666663333377777888882222244444222227777733333777776666633333777771111166666222222222277777777770000066666888881111155555333335555577777666661111111111444447777744444000004444466666
1111177777777778888822222222221111166666666664444433333555553333300000666663333377777888882222244444222227777733333777776666633333777771111166666222222222277777777770000066666888881111155555333335555577777666661111111111444447777744444000004444466666
1111177777777778888822222222221111166666666664444433333555553333300000666663333377777888882222244444222227777733333777776666633333777771111166666222222222277777777770000066666888881111155555333335555577777666661111111111444447777744444000004444466666
5555544444555558888833333000002222211111888886666622222111112222277777888887777744444000003333377777555550000033333444441111177777000004444466666444448888822222000002222288888111112222200000000008888866666222227777700000888887777777777333335555588888
5555544444555558888833333000002222211111888886666622222111112222277777888887777744444000003333377777555550000033333444441111177777000004444466666444448888822222000002222288888111112222200000000008888866666222227777700000888887777777777333335555588888
5555544444555558888833333000002222211111888886666622222111112222277777888887777744444000003333377777555550000033333444441111177777000004444466666444448888822222000002222288888111112222200000000008888866666222227777700000888887777777777333335555588888
5555544444555558888833333000002222211111888886666622222111112222277777888887777744444000003333377777555550000033333444441111177777000004444466666444448888822222000002222288888111112222200000000008888866666222227777700000888887777777777333335555588888
5555544444555558888833333000002222211111888886666622222111112222277777888887777744444000003333377777555550000033333444441111177777000004444466666444448888822222000002222288888111112222200000000008888866666222227777700000888887777777777333335555588888
0000000000666663333344444888888888855555111115555577777000005555555555333335555566666333333333377777111117777777777888887777744444666663333388888333331111188888111115555500000555552222288888888883333355555777774444411111111115555544444888888888877777
0000000000666663333344444888888888855555111115555577777000005555555555333335555566666333333333377777111117777777777888887777744444666663333388888333331111188888111115555500000555552222288888888883333355555777774444411111111115555544444888888888877777
0000000000666663333344444888888888855555111115555577777000005555555555333335555566666333333333377777111117777777777888887777744444666663333388888333331111188888111115555500000555552222288888888883333355555777774444411111111115555544444888888888877777
0000000000666663333344444888888888855555111115555577777000005555555555333335555566666333333333377777111117777777777888887777744444666663333388888333331111188888111115555500000555552222288888888883333355555777774444411111111115555544444888888888877777
0000000000666663333344444888888888855555111115555577777000005555555555333335555566666333333333377777111117777777777888887777744444666663333388888333331111188888111115555500000555552222288888888883333355555777774444411111111115555544444888888888877777
4444400000666662222277777222227777744444444444444455555333331111166666888881111111111222220000000000333333333355555777773333377777111117777744444888884444488888666668888888888444448888844444000003333366666333334444477777888882222266666777772222255555
4444400000666662222277777222227777744444444444444455555333331111166666888881111111111222220000000000333333333355555777773333377777111117777744444888884444488888666668888888888444448888844444000003333366666333334444477777888882222266666777772222255555
4444400000666662222277777222227777744444444444444455555333331111166666888881111111111222220000000000333333333355555777773333377777111117777744444888884444488888666668888888888444448888844444000003333366666333334444477777888882222266666777772222255555
4444400000666662222277777222227777744444444444444455555333331111166666888881111111111222220000000000333333333355555777773333377777111117777744444888884444488888666668888888888444448888844444000003333366666333334444477777888882222266666777772222255555
4444400000666662222277777222227777744444444444444455555333331111166666888881111111111222220000000000333333333355555777773333377777111117777744444888884444488888666668888888888444448888844444000003333366666333334444477777888882222266666777772222255555
5555555555888882222222222222227777733333888882222222222333338888800000222225555544444111111111122222333337777744444555554444433333777771111188888000004444444444666664444444444666664444422222000003333322222333334444488888111116666655555555556666666666
5555555555888882222222222222227777733333888882222222222333338888800000222225555544444111111111122222333337777744444555554444433333777771111188888000004444444444666664444444444666664444422222000003333322222333334444488888111116666655555555556666666666
5555555555888882222222222222227777733333888882222222222333338888800000222225555544444111111111122222333337777744444555554444433333777771111188888000004444444444666664444444444666664444422222000003333322222333334444488888111116666655555555556666666666
5555555555888882222222222222227777733333888882222222222333338888800000222225555544444111111111122222333337777744444555554444433333777771111188888000004444444444666664444444444666664444422222000003333322222333334444488888111116666655555555556666666666
5555555555888882222222222222227777733333888882222222222333338888800000222225555544444111111111122222333337777744444555554444433333777771111188888000004444444444666664444444444666664444422222000003333322222333334444488888111116666655555555556666666666
6666677777222221111133333666662222200000666661111177777111115555544444333331111188888666661111100000000004444411111555553333322222000006666655555444443333322222222224444411111444441111133333444445555522222222225555588888555556666677777444443333366666
6666677777222221111133333666662222200000666661111177777111115555544444333331111188888666661111100000000004444411111555553333322222000006666655555444443333322222222224444411111444441111133333444445555522222222225555588888555556666677777444443333366666
6666677777222221111133333666662222200000666661111177777111115555544444333331111188888666661111100000000004444411111555553333322222000006666655555444443333322222222224444411111444441111133333444445555522222222225555588888555556666677777444443333366666
6666677777222221111133333666662222200000666661111177777111115555544444333331111188888666661111100000000004444411111555553333322222000006666655555444443333322222222224444411111444441111133333444445555522222222225555588888555556666677777444443333366666
6666677777222221111133333666662222200000666661111177777111115555544444333331111188888666661111100000000004444411111555553333322222000006666655555444443333322222222224444411111444441111133333444445555522222222225555588888555556666677777444443333366666
2222244444888883333377777111115555577777777772222211111000002222233333444444444455555333337777777777000001111111111333337777744444000003333366666222220000000000444447777733333222228888877777777776666600000666666666622222111111111166666444445555533333
2222244444888883333377777111115555577777777772222211111000002222233333444444444455555333337777777777000001111111111333337777744444000003333366666222220000000000444447777733333222228888877777777776666600000666666666622222111111111166666444445555533333
2222244444888883333377777111115555577777777772222211111000002222233333444444444455555333337777777777000001111111111333337777744444000003333366666222220000000000444447777733333222228888877777777776666600000666666666622222111111111166666444445555533333
2222244444888883333377777111115555577777777772222211111000002222233333444444444455555333337777777777000001111111111333337777744444000003333366666222220000000000444447777733333222228888877777777776666600000666666666622222111111111166666444445555533333
2222244444888883333377777111115555577777777772222211111000002222233333444444444455555333337777777777000001111111111333337777744444000003333366666222220000000000444447777733333222228888877777777776666600000666666666622222111111111166666444445555533333
3333333333222222222244444000006666622222111111111144444888881111188888666663333388888555551111155555333331111122222777771111111111000006666666666333330000077777444442222200000888880000066666111118888877777444447777777777111115555511111888881111122222
3333333333222222222244444000006666622222111111111144444888881111188888666663333388888555551111155555333331111122222777771111111111000006666666666333330000077777444442222200000888880000066666111118888877777444447777777777111115555511111888881111122222
3333333333222222222244444000006666622222111111111144444888881111188888666663333388888555551111155555333331111122222777771111111111000006666666666333330000077777444442222200000888880000066666111118888877777444447777777777111115555511111888881111122222
3333333333222222222244444000006666622222111111111144444888881111188888666663333388888555551111155555333331111122222777771111111111000006666666666333330000077777444442222200000888880000066666111118888877777444447777777777111115555511111888881111122222
3333333333222222222244444000006666622222111111111144444888881111188888666663333388888555551111155555333331111122222777771111111111000006666666666333330000077777444442222200000888880000066666111118888877777444447777777777111115555511111888881111122222
2222222222111112222211111222224444488888666668888822222666664444466666666664444433333444448888844444333334444466666222222222288888555551111177777666663333300000000002222222222888885555544444777770000011111000007777755555444442222200000777775555566666
2222222222111112222211111222224444488888666668888822222666664444466666666664444433333444448888844444333334444466666222222222288888555551111177777666663333300000000002222222222888885555544444777770000011111000007777755555444442222200000777775555566666
2222222222111112222211111222224444488888666668888822222666664444466666666664444433333444448888844444333334444466666222222222288888555551111177777666663333300000000002222222222888885555544444777770000011111000007777755555444442222200000777775555566666
2222222222111112222211111222224444488888666668888822222666664444466666666664444433333444448888844444333334444466666222222222288888555551111177777666663333300000000002222222222888885555544444777770000011111000007777755555444442222200000777775555566666
2222222222111112222211111222224444488888666668888822222666664444466666666664444433333444448888844444333334444466666222222222288888555551111177777666663333300000000002222222222888885555544444777770000011111000007777755555444442222200000777775555566666
0000088888222227777788888444444444444444666662222200000777770000077777111112222266666444445555544444444444444422222000001111166666333338888822222666666666622222555558888877777333331111122222555557777722222555554444422222333335555533333000007777766666
0000088888222227777788888444444444444444666662222200000777770000077777111112222266666444445555544444444444444422222000001111166666333338888822222666666666622222555558888877777333331111122222555557777722222555554444422222333335555533333000007777766666
0000088888222227777788888444444444444444666662222200000777770000077777111112222266666444445555544444444444444422222000001111166666333338888822222666666666622222555558888877777333331111122222555557777722222555554444422222333335555533333000007777766666
0000088888222227777788888444444444444444666662222200000777770000077777111112222266666444445555544444444444444422222000001111166666333338888822222666666666622222555558888877777333331111122222555557777722222555554444422222333335555533333000007777766666
0000088888222227777788888444444444444444666662222200000777770000077777111112222266666444445555544444444444444422222000001111166666333338888822222666666666622222555558888877777333331111122222555557777722222555554444422222333335555533333000007777766666
2222200000111114444411111222221111122222000001111188888666662222222222333330000033333444441111100000111111111133333555554444477777888885555555555666662222266666666661111111111555554444411111777772222222222444448888844444555552222233333888886666622222
2222200000111114444411111222221111122222000001111188888666662222222222333330000033333444441111100000111111111133333555554444477777888885555555555666662222266666666661111111111555554444411111777772222222222444448888844444555552222233333888886666622222
2222200000111114444411111222221111122222000001111188888666662222222222333330000033333444441111100000111111111133333555554444477777888885555555555666662222266666666661111111111555554444411111777772222222222444448888844444555552222233333888886666622222
2222200000111114444411111222221111122222000001111188888666662222222222333330000033333444441111100000111111111133333555554444477777888885555555555666662222266666666661111111111555554444411111777772222222222444448888844444555552222233333888886666622222
2222200000111114444411111222221111122222000001111188888666662222222222333330000033333444441111100000111111111133333555554444477777888885555555555666662222266666666661111111111555554444411111777772222222222444448888844444555552222233333888886666622222
8888877777333333333311111777778888800000111112222244444111118888800000333338888855555555550000022222777770000044444666665555500000666666666600000111118888866666000002222277777888888888866666000000000077777444440000066666444443333333333888888888833333
8888877777333333333311111777778888800000111112222244444111118888800000333338888855555555550000022222777770000044444666665555500000666666666600000111118888866666000002222277777888888888866666000000000077777444440000066666444443333333333888888888833333
8888877777333333333311111777778888800000111112222244444111118888800000333338888855555555550000022222777770000044444666665555500000666666666600000111118888866666000002222277777888888888866666000000000077777444440000066666444443333333333888888888833333
8888877777333333333311111777778888800000111112222244444111118888800000333338888855555555550000022222777770000044444666665555500000666666666600000111118888866666000002222277777888888888866666000000000077777444440000066666444443333333333888888888833333
8888877777333333333311111777778888800000111112222244444111118888800000333338888855555555550000022222777770000044444666665555500000666666666600000111118888866666000002222277777888888888866666000000000077777444440000066666444443333333333888888888833333
8888866666444443333311111777774444477777222222222288888111118888866666111117777766666000002222244444888880000088888666665555522222000008888888888666661111177777333333333388888222228888833333000001111155555666662222233333222221111188888888880000011111
8888866666444443333311111777774444477777222222222288888111118888866666111117777766666000002222244444888880000088888666665555522222000008888888888666661111177777333333333388888222228888833333000001111155555666662222233333222221111188888888880000011111
8888866666444443333311111777774444477777222222222288888111118888866666111117777766666000002222244444888880000088888666665555522222000008888888888666661111177777333333333388888222228888833333000001111155555666662222233333222221111188888888880000011111
8888866666444443333311111777774444477777222222222288888111118888866666111117777766666000002222244444888880000088888666665555522222000008888888888666661111177777333333333388888222228888833333000001111155555666662222233333222221111188888888880000011111
8888866666444443333311111777774444477777222222222288888111118888866666111117777766666000002222244444888880000088888666665555522222000008888888888666661111177777333333333388888222228888833333000001111155555666662222233333222221111188888888880000011111
3333366666000000000033333555550000033333222226666600000111114444411111444444444433333333335555511111222220000055555222221111177777444440000044444444441111155555111111111166666444444444444444555555555522222333336666644444444440000066666555551111133333
3333366666000000000033333555550000033333222226666600000111114444411111444444444433333333335555511111222220000055555222221111177777444440000044444444441111155555111111111166666444444444444444555555555522222333336666644444444440000066666555551111133333
3333366666000000000033333555550000033333222226666600000111114444411111444444444433333333335555511111222220000055555222221111177777444440000044444444441111155555111111111166666444444444444444555555555522222333336666644444444440000066666555551111133333
3333366666000000000033333555550000033333222226666600000111114444411111444444444433333333335555511111222220000055555222221111177777444440000044444444441111155555111111111166666444444444444444555555555522222333336666644444444440000066666555551111133333
3333366666000000000033333555550000033333222226666600000111114444411111444444444433333333335555511111222220000055555222221111177777444440000044444444441111155555111111111166666444444444444444555555555522222333336666644444444440000066666555551111133333
6666644444111112222244444222228888888888222223333311111111110000000000111114444422222555556666677777888888888811111444442222233333222228888888888333330000033333555551111166666111111111133333777773333366666000003333344444777774444466666111117777744444
6666644444111112222244444222228888888888222223333311111111110000000000111114444422222555556666677777888888888811111444442222233333222228888888888333330000033333555551111166666111111111133333777773333366666000003333344444777774444466666111117777744444
6666644444111112222244444222228888888888222223333311111111110000000000111114444422222555556666677777888888888811111444442222233333222228888888888333330000033333555551111166666111111111133333777773333366666000003333344444777774444466666111117777744444
6666644444111112222244444222228888888888222223333311111111110000000000111114444422222555556666677777888888888811111444442222233333222228888888888333330000033333555551111166666111111111133333777773333366666000003333344444777774444466666111117777744444
6666644444111112222244444222228888888888222223333311111111110000000000111114444422222555556666677777888888888811111444442222233333222228888888888333330000033333555551111166666111111111133333777773333366666000003333344444777774444466666111117777744444
6666677777111116666622222333330000044444111117777755555111111111122222111115555511111000008888866666222224444466666555558888833333000006666644444777778888888888555550000055555555552222244444777773333322222444442222211111444441111177777333332222244444
6666677777111116666622222333330000044444111117777755555111111111122222111115555511111000008888866666222224444466666555558888833333000006666644444777778888888888555550000055555555552222244444777773333322222444442222211111444441111177777333332222244444
6666677777111116666622222333330000044444111117777755555111111111122222111115555511111000008888866666222224444466666555558888833333000006666644444777778888888888555550000055555555552222244444777773333322222444442222211111444441111177777333332222244444
6666677777111116666622222333330000044444111117777755555111111111122222111115555511111000008888866666222224444466666555558888833333000006666644444777778888888888555550000055555555552222244444777773333322222444442222211111444441111177777333332222244444
6666677777111116666622222333330000044444111117777755555111111111122222111115555511111000008888866666222224444466666555558888833333000006666644444777778888888888555550000055555555552222244444777773333322222444442222211111444441111177777333332222244444
0000044444888885555500000888888888800000333331111155555222220000022222000006666655555222228888844444333338888866666666660000011111555555555522222777771111122222000000000077777000006666644444777777777755555444447777766666444448888811111777771111177777
0000044444888885555500000888888888800000333331111155555222220000022222000006666655555222228888844444333338888866666666660000011111555555555522222777771111122222000000000077777000006666644444777777777755555444447777766666444448888811111777771111177777
0000044444888885555500000888888888800000333331111155555222220000022222000006666655555222228888844444333338888866666666660000011111555555555522222777771111122222000000000077777000006666644444777777777755555444447777766666444448888811111777771111177777
0000044444888885555500000888888888800000333331111155555222220000022222000006666655555222228888844444333338888866666666660000011111555555555522222777771111122222000000000077777000006666644444777777777755555444447777766666444448888811111777771111177777
0000044444888885555500000888888888800000333331111155555222220000022222000006666655555222228888844444333338888866666666660000011111555555555522222777771111122222000000000077777000006666644444777777777755555444447777766666444448888811111777771111177777
2222255555666666666600000444445555555555111117777744444000008888822222777776666633333333330000088888111115555511111000000000033333888888888822222777774444422222111111111100000111114444433333555555555522222777773333311111000001111155555333332222255555
2222255555666666666600000444445555555555111117777744444000008888822222777776666633333333330000088888111115555511111000000000033333888888888822222777774444422222111111111100000111114444433333555555555522222777773333311111000001111155555333332222255555
2222255555666666666600000444445555555555111117777744444000008888822222777776666633333333330000088888111115555511111000000000033333888888888822222777774444422222111111111100000111114444433333555555555522222777773333311111000001111155555333332222255555
2222255555666666666600000444445555555555111117777744444000008888822222777776666633333333330000088888111115555511111000000000033333888888888822222777774444422222111111111100000111114444433333555555555522222777773333311111000001111155555333332222255555
2222255555666666666600000444445555555555111117777744444000008888822222777776666633333333330000088888111115555511111000000000033333888888888822222777774444422222111111111100000111114444433333555555555522222777773333311111000001111155555333332222255555
